@Article{Einstein,
  author =       "Albert Einstein",
  title =        "{Zur Elektrodynamik bewegter K{\"o}rper}. ({German})
                 [{On} the electrodynamics of moving bodies]",
  journal =      "Annalen der Physik",
  volume =       "322",
  number =       "10",
  pages =        "891--921",
  year =         "1905",
  DOI =          "http://dx.doi.org/10.1002/andp.19053221004"
} 

@book{Freud,
  author = "Freud, Sigmund",
  title = "The interpretation of dreams",
  publisher = "Avon",
  year = "1900",
  note = "1965 ed.",
}

@book{Seacord,
  author = "Robert C. Seacord",
  title = "Secure Coding in C and C++",
  publisher = "Pearson Education",
  year = "2005",
  url = "https://www.pearson.com/us/higher-education/program/Seacord-Secure-Coding-in-C-and-C-2nd-Edition/PGM142190.html",
  urldate = {September 28,2018},
}

@book{Wheeler,
  author = "David A. Wheeler",
  title = "Secure Programming HOWTO",
  publisher = "David A. Wheeler",
  year = "2015",
  url = "https://dwheeler.com/secure-programs/Secure-Programs-HOWTO.pdf",
  urldate = {September 28,2018},
}

@online{SEICStandards,
  author = {Various},
  title = {SEI CERT C Coding Standard},
  year = "2018",
  url = {https://wiki.sei.cmu.edu/confluence/display/c/SEI+CERT+C+Coding+Standard},
  urldate = {September 28,2018}
}

@online{ElectronFramework,
  author = {Various},
  title = {Electron},
  year = "2018",
  url = {https://electronjs.org/}
}

@online{TroyHuntHttpsIsEasy,
  author="Troy Hunt",
  title="HTTPS Is Easy",
  year="2018",
  url="https://www.troyhunt.com/https-is-easy/"
}

@online{LetsEncrypt,
  author={Various},
  title="Lets Encrypt",
  year="2018",
  url="https://letsencrypt.org/"
}

@online{EquifaxBreach,
  author="FTC",
  title="Equifax Breach",
  year="2017",
  url="https://www.ftc.gov/equifax-data-breach"
}

@online{SonyBreach,
  author=" Joseph Steinberg",
  title="Sony Breach",
  year="2014",
  url="https://www.forbes.com/sites/josephsteinberg/2014/12/11/massive-security-breach-at-sony-heres-what-you-need-to-know/"
}